@article{amit:2014,
	author = {Amit Patel},
	title = {Introduction to A*},
	journal = {http://theory.stanford.edu/~amitp/GameProgramming/AStar
	Comparison.html.  Acesso em 05/06/2015},
}

@book{russel:2010,
	author = {Stuart Russel and Peter Norvig},
	title = {Artificial Intelligence: A Modern Approach},
	year = {2010},
	edition = {3ª},
}

@article{avila:2005,
	author = {Héctor Muñoz-Avila},
	title = {A* Algorithm},
	journal = {Topics on AI and Computer Game Programming},
	year = {2005}
}



